@Manual{AFPA2000,
title = {Très Basses Tensions},
organization = {AFPA},
year = {2000},
}


@incollection{BourgeoisCogniel2005,
author = {René Bourgeois and Denis Cogniel},
title = {\'Electrotechnique},
booktitle = {Mémotech Plus},
year = {2005},
publisher = {{Casteilla}},
}

@report{CNED:SLT2003,
author = {Jean-Louis Timin},
title = {Schéma de liaison à la terre},
institution = {CNED},
year = {2003},
url = {http://jltimin.free.fr/TGE/cours/SLT.pdf},
}

@Manual{CNER2015,
title = {Arrêt cardio-circulatoire},
organization = {Collège National des Enseignants de la Réanimation},
year = {2015},
}

@InProceedings{Delahaye2015,
author = {Arnaud Delahaye},
title = {\'Electrisation},
booktitle = {Congrès Aquitain de Médecine d'Urgence},
year = {2015},
}

@Manual{IEC:60617-1996,
title = {Symbole graphiques pour schémas},
key = {60 617},
organization = {Bureau Central de la Commission Electrotechnique Internationale},
year = {1985-2007},
}

@Manual{IEC:60479-2007,
title = {Effets du courant sur les êtres humains et les animaux domestiques},
key = {60 479},
organization = {Bureau Central de la Commission Electrotechnique Internationale},
year = {1998-2016},
}

@booklet{INRS2007,
title = {Accidents d'origine électrique},
institution = {INRS},
year = {2012},
}

@misc{Juguet2017,
author = {Philippe Juguet},
title = {Guide des métiers de l'électrotechnique},
year = {2017},
organization = {Ingerea},
url = {http://www.ingerea.com/GdME.html},
}

@online{Legrand:pointsclesNFC15-100,
title = {Les points clés de la norme NF C15-100},
url = {http://docdif.fr.grpleg.com/general/ouidoo/pdf/norme-salle-de-bains.pdf},
organization = {Legrand},
}

@report{LyceeJean-Caillaud:PRE2013,
author = {Mickael Piekarz},
title = {Prévention des risques électriques},
type = {BAC Pro ELEEC},
institution = {Lycée Jean-Caillaud},
year = {2013},
url = {http://ww2.ac-poitiers.fr/electrotechnique/sites/electrotechnique/IMG/pdf/prevention_des_risques_electriques.pdf},
}

@Manual{NF:C15-100-2015,
title = {Installations électriques à basse tension},
key = {C15-100},
organization = {Association française de normalisation},
year = {2002-2015},
}

@incollection{WildiSybille2014,
author = {Théodore Wildi and Gilbert Sybille},
title = {\'Electrotechnique},
booktitle = {Physique},
year = {2014},
publisher = {{De Boeck}},
}

