@incollection{AuteurAnnee,
author = {Auteur},
title = {Title de l'ouvrage},
booktitle = {Collection},
year = {Année},
editor = {Editeur},
publisher = {{Maison d'édition}},
}

@online{Site:abreviation,
author = {{Auteur}},
title = {Titre de la page},
url = {Lien de la page},
organization = {Organisation},
date = {1900-01-01},
}